<?xml version="1.0" encoding="UTF-8"?><collection xmlns="http://www.loc.gov/MARC21/slim"><record><leader>00373nam--2200133-i-4500</leader><controlfield tag="001">000046249</controlfield><controlfield tag="002">20161230</controlfield><controlfield tag="005">20161230201045</controlfield><controlfield tag="008">060222s1000------------r-----000-0-eng-d</controlfield><datafield ind1=" " ind2=" " tag="080"><subfield code="a">7(043)</subfield></datafield><datafield ind1=" " ind2=" " tag="100"><subfield code="a">Van Uffelen, Herbert</subfield></datafield><datafield ind1=" " ind2=" " tag="245"><subfield code="a">Mensch und schuld. das schildmotiv in 4 niederlandischen romanen der neuzeit. dissert</subfield></datafield><datafield ind1=" " ind2=" " tag="260"><subfield code="a">Koln, Univ., 1983, 432p</subfield></datafield><datafield ind1=" " ind2=" " tag="852"><subfield code="a">73043</subfield></datafield></record></collection>